% Encoding: UTF-8

@Article{Chandrasekhar2019,
  author  = {Chandrasekhar, Anand and Yavarimanesh, Mohammad and Hahn, Jin Oh and Sung, Shih Hsien and Chen, Chen Huan and Cheng, Hao Min and Mukkamala, Ramakrishna},
  title   = {Formulas to Explain Popular Oscillometric Blood Pressure Estimation Algorithms},
  volume  = {10},
  comment = {Mathematics heavy, but interesting comarison},
  journal = {Frontiers in Physiology},
  year    = {2019},
}

@Article{Babbs2012,
  author  = {Babbs, Charles F.},
  title   = {Oscillometric measurement of systolic and diastolic blood pressures validated in a physiologic mathematical model},
  volume  = {11},
  comment = {contains mainly mathematical models. basically the only one that does not rely on empirically determined ratios},
  journal = {BioMedical Engineering Online},
  year    = {2012},
}

@Article{Forouzanfar2015,
  author  = {Forouzanfar, Mohamad and Dajani, Hilmi R. and Groza, Voicu Z. and Bolic, Miodrag and Rajan, Sreeraman and Batkin, Izmail},
  title   = {Oscillometric blood pressure estimation: Past, present, and future},
  volume  = {8},
  comment = {very extensive explanation of current algorithms},
  journal = {IEEE Reviews in Biomedical Engineering},
  year    = {2015},
}

@InProceedings{Montfrans2001,
  author       = {Montfrans, Gert A. Van},
  title        = {Oscillometric blood pressure measurement: Progress and problems},
  organization = {Blood Pressure Monitoring},
  volume       = {6},
  comment      = {one more about the ratio method},
  year         = {2001},
}

@Article{Lee2015,
  author  = {Lee, Soojeong and Jeon, Gwanggil and Kang, Seokhoon},
  title   = {Two-Step Pseudomaximum Amplitude-Based Confidence Interval Estimation for Oscillometric Blood Pressure Measurements},
  volume  = {2015},
  comment = {has confindence interval},
  journal = {BioMed Research International},
  year    = {2015},
}

@Article{Celler2018,
  author  = {Celler, Branko G. and Argha, Ahmadreza and Le, Phu Ngoc and Ambikairajah, Eliathamby},
  title   = {Novel methods of testing and calibration of oscillometric blood pressure monitors},
  issue   = {8},
  volume  = {13},
  comment = {reverse engineering commerically available devices.
ratio for systolic pressure also calculated for a reference database},
  journal = {PLoS ONE},
  year    = {2018},
}

@Article{Drzewiecki1994,
  author  = {Drzewiecki, G. and Hood, R. and Apple, H.},
  title   = {Theory of the oscillometric maximum and the systolic and diastolic detection ratios},
  issue   = {1},
  volume  = {22},
  comment = {Mentioned by many other papers, uses a model to get the ratios},
  journal = {Annals of Biomedical Engineering},
  year    = {1994},
}

@Article{Lim2015,
  author  = {Lim, Pooi Khoon and Ng, Siew Cheok and Jassim, Wissam A. and Redmond, Stephen J. and Zilany, Mohammad and Avolio, Alberto and Lim, Einly and Tan, Maw Pin and Lovell, Nigel H.},
  title   = {Improved measurement of blood pressure by extraction of characteristic features from the cuff oscillometric waveform},
  issue   = {6},
  volume  = {15},
  comment = {proposes new and seemingly relatively simple algorithms. has to be looked at in more detail},
  journal = {Sensors (Switzerland)},
  year    = {2015},
}

@Article{Chandrasekhar2018,
  author  = {Chandrasekhar, Anand and Kim, Chang Sei and Naji, Mohammed and Natarajan, Keerthana and Hahn, Jin Oh and Mukkamala, Ramakrishna},
  title   = {Smartphone-based blood pressure monitoring via the oscillometric finger-pressing method},
  issue   = {431},
  volume  = {10},
  comment = {very interesting. no detailed explanation about algorithm. I have used this device, the results were comaired with a commercially available automated device (wrist measurement)},
  journal = {Science Translational Medicine},
  year    = {2018},
}

@InProceedings{Jazbinsek2016,
  author       = {Jazbinsek, Vojko},
  title        = {New algorithm for automatic determination of systolic and diastolic blood pressures in oscillometric measurements},
  organization = {2016 39th International Convention on Information and Communication Technology, Electronics and Microelectronics, MIPRO 2016 - Proceedings},
  comment      = {unfortunately, I coud not cet access to this paper. It sounds very promissing.},
  year         = {2016},
}

@InProceedings{Jazbinsek2010,
  author       = {Jazbinsek, Vojko and Luznik, Janko and Mieke, Stephan and Trontelj, Zvonko},
  title        = {Influence of different presentations of oscillometric data on automatic determination of systolic and diastolic pressures},
  organization = {Annals of Biomedical Engineering},
  volume       = {38},
  comment      = {mentioned by Lim2015 (why derrivative method is problematic)},
  year         = {2010},
}

@Article{Geddes1982,
  author  = {Geddes, L. A. and Voelz, M. and Combs, C. and Reiner, D. and Babbs, C. F.},
  title   = {Characterization of the oscillometric method for measuring indirect blood pressure},
  issue   = {6},
  volume  = {10},
  comment = {referenced basically everywhere!},
  journal = {Annals of Biomedical Engineering},
  year    = {1982},
}

@Comment{jabref-meta: databaseType:biblatex;}
